@inproceedings{flanagan1993essence,
  title={The essence of compiling with continuations},
  author={Flanagan, Cormac and Sabry, Amr and Duba, Bruce F and Felleisen, Matthias},
  booktitle={Proceedings of the ACM SIGPLAN 1993 conference on Programming language design and implementation},
  pages={237--247},
  year={1993},
  doi={https://doi.org/10.1145/155090.155113}
}

@inproceedings{birkedal1996region,
  title={From region inference to von Neumann machines via region representation inference},
  author={Birkedal, Lars and Tofte, Mads and Vejlstrup, Magnus},
  booktitle={Proceedings of the 23rd ACM SIGPLAN-SIGACT symposium on Principles of programming languages},
  pages={171--183},
  year={1996},
  doi={https://doi.org/10.1145/237721.237771}
}

@article{tanaka2018safe,
  title={Safe low-level code generation in Coq using monomorphization and monadification},
  author={Tanaka, Akira and Affeldt, Reynald and Garrigue, Jacques},
  journal={Journal of Information Processing},
  volume={26},
  pages={54--72},
  year={2018},
  publisher={Information Processing Society of Japan},
  doi={https://doi.org/10.2197/ipsjjip.26.54}
}

@InProceedings{letouzey02,
  author =       {Pierre Letouzey},
  title =        {{A New Extraction for Coq}},
  booktitle =    {{Types for Proofs and Programs, Second International Workshop, TYPES 2002, Berg en Dal, The Netherlands, April 24-28, 2002}},
  publisher =    {Springer-Verlag},
  series =       {Lecture Notes in Computer Science},
  volume =       2646,
  year =         2003,
  editor =       {Herman Geuvers and Freek Wiedijk},
  doi={https://doi.org/10.1007/3-540-39185-1_12}
}

@inproceedings{mullen2018oeuf,
  title={{\OE}uf: minimizing the Coq extraction TCB},
  author={Mullen, Eric and Pernsteiner, Stuart and Wilcox, James R and Tatlock, Zachary and Grossman, Dan},
  booktitle={Proceedings of the 7th ACM SIGPLAN International Conference on Certified Programs and Proofs},
  pages={172--185},
  year={2018},
  doi={https://doi.org/10.1145/3167089}
}

@inproceedings{anand2017certicoq,
  title={CertiCoq: A verified compiler for Coq},
  author={Anand, Abhishek and Appel, Andrew and Morrisett, Greg and Paraskevopoulou, Zoe and Pollack, Randy and Belanger, Olivier Savary and Sozeau, Matthieu and Weaver, Matthew},
  booktitle={The Third International Workshop on Coq for Programming Languages (CoqPL)},
  year={2017}
}

@article{leroy2009formal,
  title={Formal verification of a realistic compiler},
  author={Leroy, Xavier},
  journal={Communications of the ACM},
  volume={52},
  number={7},
  pages={107--115},
  year={2009},
  publisher={ACM New York, NY, USA},
  doi={https://doi.org/10.1145/1538788.1538814}
}

@article{coqrefman8.12.0,
  title={The Coq reference manual: Release 8.12.0},
  author={The Coq Development Team},
  year={2020}
}

@misc{coqwebsite,
  title   = {The Coq Proof Assistant},
  author  = {The Coq Development Team},
  note    = {\url{https://coq.inria.fr/}},
  year={2020}
}

@article{danvy2005cps,
  title={CPS transformation of beta-redexes},
  author={Danvy, Olivier and Nielsen, Lasse R},
  journal={Information Processing Letters},
  volume={94},
  number={5},
  pages={217--224},
  year={2005},
  publisher={Elsevier},
  doi={https://doi.org/10.1016/j.ipl.2005.02.002}
}

@book{navarro2016compact,
  title={Compact data structures: A practical approach},
  author={Navarro, Gonzalo},
  year={2016},
  publisher={Cambridge University Press},
  doi={https://doi.org/10.1017/CBO9781316588284}
}
